@misc{Unity,
    author    = "Unity3D",
    title     = "Unity User Manual(2019.*)",
    url       = "https://docs.unity3d.com/Manual/index.html"
